<mx:record xmlns="http://www.w3.org/TR/xhtml1/strict" xmlns:mx="http://www.loc.gov/MARC21/slim" xmlns:xsi="http://www.w3.org/2001/XMLSchema-instance"><mx:leader>00000nz 2200000n 4500</mx:leader><mx:controlfield tag="001">oca01394513 </mx:controlfield><mx:controlfield tag="005">19850928102829.8</mx:controlfield><mx:controlfield tag="008">850813n| acannaab| |a aaa ||| </mx:controlfield><mx:datafield ind1=" " ind2=" " tag="010"><mx:subfield code="a">n 85194948</mx:subfield></mx:datafield><mx:datafield ind1=" " ind2=" " tag="040"><mx:subfield code="a">DLC</mx:subfield><mx:subfield code="c">DLC</mx:subfield><mx:subfield code="d">DLC</mx:subfield></mx:datafield><mx:datafield ind1="0" ind2=" " tag="100"><mx:subfield code="a">Publilius,</mx:subfield><mx:subfield code="c">Syrus,</mx:subfield><mx:subfield code="d">1st cent. B.C.</mx:subfield></mx:datafield><mx:datafield ind1="0" ind2=" " tag="400"><mx:subfield code="a">Publilius Syrus</mx:subfield><mx:subfield code="w">nnaa</mx:subfield></mx:datafield><mx:datafield ind1="1" ind2=" " tag="400"><mx:subfield code="a">Syrus, Publilius,</mx:subfield><mx:subfield code="d">1st cent. B.C.</mx:subfield></mx:datafield><mx:datafield ind1="0" ind2=" " tag="400"><mx:subfield code="a">Publius,</mx:subfield><mx:subfield code="c">Syrus,</mx:subfield><mx:subfield code="d">1st cent. B.C.</mx:subfield></mx:datafield><mx:datafield ind1=" " ind2=" " tag="670"><mx:subfield code="a">Phaedrus. Phaedri Fabulae et Publii Syri Sententiae,
        1729.</mx:subfield></mx:datafield><mx:datafield ind1=" " ind2=" " tag="670"><mx:subfield code="a">LC data base, 8-9-85</mx:subfield><mx:subfield code="b">(hdg.: Publilius Syrus)</mx:subfield></mx:datafield><mx:datafield ind1=" " ind2=" " tag="670"><mx:subfield code="a">Oxford class. dict.</mx:subfield><mx:subfield code="b">(Publilius Syrus; came to Rome as a slave in 1st cent.
        B.C.)</mx:subfield></mx:datafield><mx:datafield ind1=" " ind2=" " tag="999"><mx:subfield code="a">13733</mx:subfield></mx:datafield></mx:record>